@article{AlphaGoZero,
    title={Mastering the game of Go without human knowledge},
    author={David Silver, Julian Schrittwieser, Karen Simonyan, Ioannis Antonoglou, Aja Huang, Arthur Guez, Thomas Hubert, Lucas Baker, Matthew Lai, Adrian Bolton, Yutian Chen, Timothy Lillicrap, Fan Hui, Laurent Sifre, George van den Driessche, Thore Graepel & Demis Hassabis},
    journal={Nature},
    volume={550},
    pages={354â€“359},
    year={2017},
    publisher={Macmillan Publishers Limited}
}

@article{AlphaZero,
    title = {A general reinforcement learning algorithm that
    masters chess, shogi and Go through self-play},
    author={David Silver, Thomas Hubert, Julian Schrittwieser,
    Ioannis Antonoglou, Matthew Lai, Arthur Guez, Marc Lanctot,
    Laurent Sifre, Dharshan Kumaran, Thore Graepel,
    Timothy Lillicrap, Karen Simonyan, Demis Hassabis},
    journal={Science},
    volume={362},
    issue={6419},
    pages={1140-1144},
    year={2018}
}

@article{RLoverview,
  author    = {Yuxi Li},
  title     = {Deep Reinforcement Learning: An Overview},
  journal   = {CoRR},
  volume    = {abs/1810.06339},
  year      = {2018},
  url       = {http://arxiv.org/abs/1810.06339},
  archivePrefix = {arXiv},
  eprint    = {1810.06339},
  timestamp = {Tue, 30 Oct 2018 20:39:56 +0100},
  biburl    = {https://dblp.org/rec/bib/journals/corr/abs-1810-06339},
  bibsource = {dblp computer science bibliography, https://dblp.org}
}
